
@inproceedings{pennacchiotti2011democrats,
  title={Democrats, republicans and starbucks afficionados: user classification in twitter},
  author={Pennacchiotti, Marco and Popescu, Ana-Maria},
  booktitle={Proceedings of the 17th ACM SIGKDD international conference on Knowledge discovery and data mining},
  pages={430--438},
  year={2011},
  organization={ACM}
}

@article{zubiaga2017stance,
  title={Stance classification of social media users in independence movements},
  author={Zubiaga, Arkaitz and Wang, Bo and Liakata, Maria and Procter, Rob},
  journal={Catalonia},
  volume={2},
  number={8,599},
  pages={10--960},
  year={2017}
}

@article{zubiaga2015real,
  title={Real-time classification of twitter trends},
  author={Zubiaga, Arkaitz and Spina, Damiano and Mart{\'\i}nez, Raquel and Fresno, V{\'\i}ctor},
  journal={Journal of the Association for Information Science and Technology},
  volume={66},
  number={3},
  pages={462--473},
  year={2015},
  publisher={Wiley Online Library}
}

@inproceedings{hu2012lda,
  title={Et-lda: Joint topic modeling for aligning events and their twitter feedback},
  author={Hu, Yuheng and John, Ajita and Wang, Fei and Kambhampati, Subbarao},
  booktitle={Twenty-Sixth AAAI Conference on Artificial Intelligence},
  year={2012}
}

@article{jacomy2014forceatlas2,
  title={ForceAtlas2, a continuous graph layout algorithm for handy network visualization designed for the Gephi software},
  author={Jacomy, Mathieu and Venturini, Tommaso and Heymann, Sebastien and Bastian, Mathieu},
  journal={PloS one},
  volume={9},
  number={6},
  pages={e98679},
  year={2014},
  publisher={Public Library of Science}
}

@article{agerri2016robust,
  title={Robust multilingual named entity recognition with shallow semi-supervised features},
  author={Agerri, Rodrigo and Rigau, German},
  journal={Artificial Intelligence},
  volume={238},
  pages={63--82},
  year={2016},
  publisher={Elsevier}
}

@inproceedings{agerri2014ixa,
  title={IXA pipeline: Efficient and Ready to Use Multilingual NLP tools.},
  author={Agerri, Rodrigo and Bermudez, Josu and Rigau, German},
  booktitle={LREC},
  volume={2014},
  pages={3823--3828},
  year={2014}
}

@article{agerri2019language,
  title={Language independent sequence labelling for Opinion Target Extraction},
  author={Agerri, Rodrigo and Rigau, German},
  journal={Artificial Intelligence},
  volume={268},
  pages={85--95},
  year={2019},
  publisher={Elsevier}
}

@article{al2012homophily,
  title={Homophily and Latent Attribute Inference: Inferring Latent Attributes of Twitter Users from Neighbors.},
  author={Al Zamal, Faiyaz and Liu, Wendy and Ruths, Derek},
  journal={ICWSM},
  volume={270},
  pages={2012},
  year={2012}
}

@article{bastian2009gephi,
  title={Gephi: an open source software for exploring and manipulating networks.},
  author={Bastian, Mathieu and Heymann, Sebastien and Jacomy, Mathieu and others},
  journal={Icwsm},
  volume={8},
  number={2009},
  pages={361--362},
  year={2009},
  publisher={San Jose, California}
}

@book{bauman2015modernidad,
  title={Modernidad l{\'\i}quida},
  author={Bauman, Zygmunt},
  year={2015},
  publisher={Fondo de cultura econ{\'o}mica}
}

@article{blei2003latent,
  title={Latent dirichlet allocation},
  author={Blei, David M and Ng, Andrew Y and Jordan, Michael I},
  journal={Journal of machine Learning research},
  volume={3},
  number={Jan},
  pages={993--1022},
  year={2003}
}

@inproceedings{binkley2014understanding,
  title={Understanding LDA in source code analysis},
  author={Binkley, David and Heinz, Daniel and Lawrie, Dawn and Overfelt, Justin},
  booktitle={Proceedings of the 22nd international conference on program comprehension},
  pages={26--36},
  year={2014},
  organization={ACM}
}

@article{blondel2008fast,
  title={Fast unfolding of communities in large networks},
  author={Blondel, Vincent D and Guillaume, Jean-Loup and Lambiotte, Renaud and Lefebvre, Etienne},
  journal={Journal of statistical mechanics: theory and experiment},
  volume={2008},
  number={10},
  pages={P10008},
  year={2008},
  publisher={IOP Publishing}
}

@article{brown1992class,
  title={Class-based n-gram models of natural language},
  author={Brown, Peter F and Desouza, Peter V and Mercer, Robert L and Pietra, Vincent J Della and Lai, Jenifer C},
  journal={Computational linguistics},
  volume={18},
  number={4},
  pages={467--479},
  year={1992},
  publisher={MIT Press}
}

@book{castells2005sociedad,
  title={La sociedad red},
  author={Castells, Manuel and Gimeno, Carmen Mart{\'\i}nez and Albor{\'e}s, Jes{\'u}s},
  volume={1},
  year={2005},
  publisher={Alianza}
}

@article{cesare2017detection,
  title={Detection of user demographics on social media: A review of methods and recommendations for best practices},
  author={Cesare, Nina and Grant, Christan and Nsoesie, Elaine O},
  journal={arXiv preprint arXiv:1702.01807},
  year={2017}
}

@article{chen1999empirical,
  title={An empirical study of smoothing techniques for language modeling},
  author={Chen, Stanley F and Goodman, Joshua},
  journal={Computer Speech \& Language},
  volume={13},
  number={4},
  pages={359--394},
  year={1999},
  publisher={Elsevier}
}

@inproceedings{clark2003combining,
  title={Combining distributional and morphological information for part of speech induction},
  author={Clark, Alexander},
  booktitle={Proceedings of the tenth conference on European chapter of the Association for Computational Linguistics-Volume 1},
  pages={59--66},
  year={2003},
  organization={Association for Computational Linguistics}
}

@inproceedings{collins2002discriminative,
  title={Discriminative training methods for hidden markov models: Theory and experiments with perceptron algorithms},
  author={Collins, Michael},
  booktitle={Proceedings of the ACL-02 conference on Empirical methods in natural language processing-Volume 10},
  pages={1--8},
  year={2002},
  organization={Association for Computational Linguistics}
}

@inproceedings{conover2011political,
  title={Political polarization on twitter},
  author={Conover, Michael D and Ratkiewicz, Jacob and Francisco, Matthew and Gon{\c{c}}alves, Bruno and Menczer, Filippo and Flammini, Alessandro},
  booktitle={Fifth international AAAI conference on weblogs and social media},
  year={2011}
}

@article{eckert2017age,
  title={Age as a sociolinguistic variable},
  author={Eckert, Penelope},
  journal={The handbook of sociolinguistics},
  pages={151--167},
  year={2017},
  publisher={Wiley Online Library}
}

@article{gamallo2017language,
  title={From language identification to language distance},
  author={Gamallo, Pablo and Pichel, Jos{\'e} Ramom and Alegria, I{\~n}aki},
  journal={Physica A: Statistical Mechanics and its Applications},
  volume={484},
  pages={152--162},
  year={2017},
  publisher={Elsevier}
}

@inproceedings{gonzalez2015analysis,
  title={An analysis of twitter corpora and the differences between formal and colloquial tweets},
  author={Gonz{\'a}lez Berm{\'u}dez, Meritxell},
  booktitle={Proceedings of the Tweet Translation Workshop 2015},
  pages={1--7},
  year={2015},
  organization={CEUR-WS. org}
}

@inproceedings{hong2010empirical,
  title={Empirical study of topic modeling in twitter},
  author={Hong, Liangjie and Davison, Brian D},
  booktitle={Proceedings of the first workshop on social media analytics},
  pages={80--88},
  year={2010},
  organization={ACM}
}

@inproceedings{marquardt2014age,
  title={Age and gender identification in social media},
  author={Marquardt, James and Farnadi, Golnoosh and Vasudevan, Gayathri and Moens, Marie-Francine and Davalos, Sergio and Teredesai, Ankur and De Cock, Martine},
  booktitle={Proceedings of CLEF 2014 Evaluation Labs},
  pages={1129--1136},
  year={2014}
}

@inproceedings{mikolov2013distributed,
  title={Distributed representations of words and phrases and their compositionality},
  author={Mikolov, Tomas and Sutskever, Ilya and Chen, Kai and Corrado, Greg S and Dean, Jeff},
  booktitle={Advances in neural information processing systems},
  pages={3111--3119},
  year={2013}
}

@article{morgan2017predicting,
  title={Predicting age groups of Twitter users based on language and metadata features},
  author={Morgan-Lopez, Antonio A and Kim, Annice E and Chew, Robert F and Ruddle, Paul},
  journal={PloS one},
  volume={12},
  number={8},
  pages={e0183537},
  year={2017},
  publisher={Public Library of Science}
}

@inproceedings{nguyen2013old,
  title={" How Old Do You Think I Am?" A Study of Language and Age in Twitter.},
  author={Nguyen, Dong and Gravel, Rilana and Trieschnigg, Dolf and Meder, Theo},
  booktitle={ICWSM},
  year={2013}
}

@article{nguyen2016computational,
  title={Computational sociolinguistics: A survey},
  author={Nguyen, Dong and Do{\u{g}}ru{\"o}z, A Seza and Ros{\'e}, Carolyn P and de Jong, Franciska},
  journal={Computational linguistics},
  volume={42},
  number={3},
  pages={537--593},
  year={2016},
  publisher={MIT Press}
}

@article{pedregosa2011scikit,
  title={Scikit-learn: Machine learning in Python},
  author={Pedregosa, Fabian and Varoquaux, Ga{\"e}l and Gramfort, Alexandre and Michel, Vincent and Thirion, Bertrand and Grisel, Olivier and Blondel, Mathieu and Prettenhofer, Peter and Weiss, Ron and Dubourg, Vincent and others},
  journal={Journal of machine learning research},
  volume={12},
  number={Oct},
  pages={2825--2830},
  year={2011}
}

@inproceedings{rao2010classifying,
  title={Classifying latent user attributes in twitter},
  author={Rao, Delip and Yarowsky, David and Shreevats, Abhishek and Gupta, Manaswi},
  booktitle={Proceedings of the 2nd international workshop on Search and mining user-generated contents},
  pages={37--44},
  year={2010},
  organization={ACM}
}

@inproceedings{rehurek2010software,
  title={Software framework for topic modelling with large corpora},
  author={Rehurek, Radim and Sojka, Petr},
  booktitle={In Proceedings of the LREC 2010 Workshop on New Challenges for NLP Frameworks},
  year={2010},
  organization={Citeseer}
}

@article{roesslein2009tweepy,
  title={tweepy Documentation},
  author={Roesslein, Joshua},
  journal={Online] http://tweepy. readthedocs. io/en/v3},
  volume={5},
  year={2009}
}

@inproceedings{rosenthal2011age,
  title={Age prediction in blogs: A study of style, content, and online behavior in pre-and post-social media generations},
  author={Rosenthal, Sara and McKeown, Kathleen},
  booktitle={Proceedings of the 49th Annual Meeting of the Association for Computational Linguistics: Human Language Technologies-Volume 1},
  pages={763--772},
  year={2011},
  organization={Association for Computational Linguistics}
}

@inproceedings{sievert2014ldavis,
  title={LDAvis: A method for visualizing and interpreting topics},
  author={Sievert, Carson and Shirley, Kenneth},
  booktitle={Proceedings of the workshop on interactive language learning, visualization, and interfaces},
  pages={63--70},
  year={2014}
}

@article{spearman1904proof,
  title={The proof and measurement of association between two things},
  author={Spearman, Charles},
  journal={The American journal of psychology},
  volume={15},
  number={1},
  pages={72--101},
  year={1904},
  publisher={JSTOR}
}

@misc{steyvers2007probabilistic,
  title={Probabilistic Topic Models in Latent Semantic Analysis: A Road to Meaning, Landauer, T. and Mc Namara, D. and Dennis, S. and Kintsch, W., eds},
  author={Steyvers, M and Griffiths, T},
  year={2007},
  publisher={Lawrence Erlbaum}
}

@inproceedings{zhao2011comparing,
  title={Comparing twitter and traditional media using topic models},
  author={Zhao, Wayne Xin and Jiang, Jing and Weng, Jianshu and He, Jing and Lim, Ee-Peng and Yan, Hongfei and Li, Xiaoming},
  booktitle={European conference on information retrieval},
  pages={338--349},
  year={2011},
  organization={Springer}
}

@article{fernandez2018gazteak,
  title={Gazteak eta euskara sare sozialetan. Zer, nori, nork: euskarazko txio formal eta informalak sailkatuz eta konparatuz},
  author={Fern{\'a}ndez de Landa, Joseba},
  year={2018}
}

@InProceedings{turian-ratinov-bengio:2010:ACL,
author    = {Turian, Joseph  and  Ratinov, Lev-Arie  and  Bengio, Yoshua},
title     = {Word Representations: A Simple and General Method for Semi-Supervised Learning},
booktitle = {Proceedings of the 48th Annual Meeting of the Association for Computational Linguistics},
month     = {July},
year      = {2010},
address   = {Uppsala, Sweden},
publisher = {Association for Computational Linguistics},
pages     = {384--394}
}

@article{ratnaparkhi1999learning,
  title={Learning to parse natural language with maximum entropy models},
  author={Ratnaparkhi, Adwait},
  journal={Machine learning},
  volume={34},
  number={1-3},
  pages={151--175},
  year={1999},
  publisher={Springer}
}

